<?xml version="1.0" encoding="UTF-8"?><collection><record><leader>07169ntm a2200553 a 4500</leader><controlfield tag="001">006803605</controlfield><controlfield tag="003">MiAaHDL</controlfield><controlfield tag="005">20190719000000.0</controlfield><controlfield tag="006">m        d        </controlfield><controlfield tag="007">cr bn ---auaua</controlfield><controlfield tag="008">090527s1673    sy            00| ||ara d</controlfield><datafield tag="035" ind1=" " ind2=" "><subfield code="a">(MiU)006803605</subfield></datafield><datafield tag="035" ind1=" " ind2=" "><subfield code="a">sdr-miu006803605</subfield></datafield><datafield tag="040" ind1=" " ind2=" "><subfield code="a">MiU</subfield><subfield code="c">MiU</subfield><subfield code="e">amremm</subfield></datafield><datafield tag="043" ind1=" " ind2=" "><subfield code="a">n-us-mi</subfield></datafield><datafield tag="100" ind1="0" ind2=" "><subfield code="6">880-01</subfield><subfield code="a">Qirq Amrih al-Ḥumaydī al-Ḥanafī,</subfield><subfield code="d">d. 1475.</subfield></datafield><datafield tag="245" ind1="1" ind2="0"><subfield code="6">880-02</subfield><subfield code="a">Jāmiʻ al-fatwá,</subfield><subfield code="f">[1084, i.e.1673].</subfield></datafield><datafield tag="246" ind1="3" ind2=" "><subfield code="6">880-03</subfield><subfield code="i">Title from inscription on fol.1a:</subfield><subfield code="a">Jāmiʻ al-fatāwá</subfield></datafield><datafield tag="260" ind1=" " ind2=" "><subfield code="a">[Latakia,</subfield><subfield code="c">1673].</subfield></datafield><datafield tag="300" ind1=" " ind2=" "><subfield code="a">110 leaves :</subfield><subfield code="b">paper ;</subfield><subfield code="c">205 x 145 (150 x 82) mm. bound to 215 x 155 mm.</subfield></datafield><datafield tag="500" ind1=" " ind2=" "><subfield code="a">Shelfmark: Ann Arbor, University of Michigan, Special Collections Library, Isl. Ms. 561</subfield></datafield><datafield tag="500" ind1=" " ind2=" "><subfield code="a">Origin: According to colophon on fol.110a, copied by "Muḥammad ibn al-marḥūm al-maghfūr lahu al-ʻallāmah al-shaykh Muḥammad al-Miṣrī thumma al-Jabalāwī" with transcription completed ("wa-qad waqaʻa al-farāgh min naskhih...") on Sunday, 15 Rabīʻ II 1084 [ca. 30 July 1673] likely while residing in al-Lādhiqīyah [Latakia, Syria] ("nazīl thaghr al-Lādhiqīyah al-maḥrūsah"). Compare circumstances of transcription for Isl. Ms. 565, executed by the same copyist.</subfield></datafield><datafield tag="500" ind1=" " ind2=" "><subfield code="a">Accompanying materials: a. Inventory cataloguing slip in hand of Winifred Smeaton Thomas. -- b. Acquisitions slip from Yahuda.</subfield></datafield><datafield tag="500" ind1=" " ind2=" "><subfield code="a">Former shelfmark: From inner front cover, "IL 74" and from recto of front flyleaf, "B.II.226" (likely supplied by Yahuda, see acquisitions slip).</subfield></datafield><datafield tag="500" ind1=" " ind2=" "><subfield code="a">Binding: Pasteboards covered in green/teal cloth; Western style binding with squares though tight-back; pastedowns and flyleaves in beige machine wove paper; now sewn over three recessed cords; likely not original to codex; in fairly good condition with some staining, etc.</subfield></datafield><datafield tag="500" ind1=" " ind2=" "><subfield code="a">Support: European laid paper ; mainly a type with 11 laid lines per cm. (vertical), chain lines spaced 33 mm. apart (horizontal), and arms watermark with cross surmounted by crown and flanked by lions above two circles (upper with "M B" and lowest empty, see pp.46, 58, 192, etc.), thin and crisp though sturdy, cream in color, well-burnished ; a few leaves in another type with 7 laid lines per cm. (vertical), chain lines spaced 30 mm. apart (horizontal) and crown-star-crescent watermark (see front flyleaf, p.22, etc.), sturdy and thicker than the other type.</subfield></datafield><datafield tag="500" ind1=" " ind2=" "><subfield code="a">Decoration: Text rubricated with headings in red.</subfield></datafield><datafield tag="500" ind1=" " ind2=" "><subfield code="a">Script: Naskh ; small, compact ’Syrian’ hand in a narrow line ; partially though irregularly serriffed (mainly on lām of definite article) with effect of tilt to the left and slight effect of words descending to basline, curvilinear descenders, pointing mainly in distinct dots, many closed counters, kāf mashqūqah preferred (even final kāf).</subfield></datafield><datafield tag="500" ind1=" " ind2=" "><subfield code="a">Layout: Written in 25 lines per page; frame-ruled (impression of ruling board evident).</subfield></datafield><datafield tag="500" ind1=" " ind2=" "><subfield code="a">Collation: ii, V (10), I (12), VII (26), 8 V (106), 4 (110), i; catchwords present; foliation in black ink, Hindu-Arabic numerals, from fol.1; pagination in pencil, Western numerals, corresponds to foliation.</subfield></datafield><datafield tag="500" ind1=" " ind2=" "><subfield code="a">Colophon: "Scribal," triangular, reads: "تم الكتاب بعون الملك المعين وقد وقع الفراغ من نسخه عروة [؟] يوم الاحد خامس عشر ربيع الثاني من شهور سنة اربعة وثمانين والف من الهجرة النبوية على يد ناسخه ... العبد الفقير الى مولاه الصمد محمد ابن المرحوم المغفور له العلامة الشيخ محمد المصري ثم الجبلاوي نزيل ثغر اللاذقية المحروسة غفر الله له ولوالديه ولمشايخه ولكل المسلمين وصلى الله على سيدنا محمد وعلى اله وصحبه وسلم امين"</subfield></datafield><datafield tag="500" ind1=" " ind2=" "><subfield code="a">Explicit: "وعن الشافعي لا يدخل في الوصية الا احمق او لص والله اعلم"</subfield></datafield><datafield tag="500" ind1=" " ind2=" "><subfield code="a">Incipit: "الحمد لله على ما انعم علينا من علم الشرائع والاحكام وهدانا الى معرفة ما لم نعلم بهداية الملك العلام ... اما بعد فاني لما رايت الهمم راغبة عن المطلوبات ... فاستصفيت المسائل المهمات من الفتوى المعتبرات ... وسميته بجامع الفتوى ... كتاب الطهارة"</subfield></datafield><datafield tag="500" ind1=" " ind2=" "><subfield code="a">Title from opening on fol.1b.</subfield></datafield><datafield tag="500" ind1=" " ind2=" "><subfield code="a">Ms. codex.</subfield></datafield><datafield tag="510" ind1="4" ind2=" "><subfield code="a">Hajji Khalifah. Kashf al-ẓunūn,</subfield><subfield code="c">565 ; 1515</subfield></datafield><datafield tag="510" ind1="4" ind2=" "><subfield code="a">Brockelmann, C. GAL,</subfield><subfield code="c">II, 226 ; SII, 316</subfield></datafield><datafield tag="520" ind1="8" ind2=" "><subfield code="a">A compendium of legal decisions from various jurists compiled by Qirq Amrih (Kırk Emre) al-Ḥumaydī al-Ḥanafī (d.880/1475). Includes many glosses from the Lisān al-ḥukkām of Ibn al-Shiḥnah (d. 822/1477) and the Fatāwá of Qāḍī Khān (d. 592/1196).</subfield></datafield><datafield tag="538" ind1=" " ind2=" "><subfield code="a">Mode of access: Internet.</subfield></datafield><datafield tag="541" ind1=" " ind2=" "><subfield code="a">Acquired in 1926 from the bookseller Isaac Benjamin S.E. Yahuda via purchase transacted on his behalf by Abraham Shalom Yahuda (1877-1951), his younger brother.</subfield></datafield><datafield tag="546" ind1=" " ind2=" "><subfield code="a">Arabic.</subfield></datafield><datafield tag="561" ind1=" " ind2=" "><subfield code="a">Death notice, inscribed by the son of the deceased, found on verso of second front flyleaf, and dated 14 Rajab 1142 [ca. 2 February 1730] reads: "بسم الله الرحمن الرحيم الحمد لله على كل حال والصلاة والسلام على سيدنا ومسندنا وشفيعنا في المعاد والمآل محمد وصحبه واله خير صحب وخير ال امين فقد انتقل بالوفاة الى رحمة الله تعالى ورضوانه واسكنه [...؟] فراديسه في اعلا جنانه والدي وشيخي ومرشدي الحاج محمد نور الله مفتي جبله وشيخ المقام الادهم فهو امام المدرسين ومربي المريدين ضحوة نهار الخميس المبارك فهو الرابع عشر من شهر رجب الفرد الحرام سنة اثنين واربعين وماية والف هجرية على صاحبها افضل صلاة وازكى سلام واعظم تحية والحمد لله رب العالمين"; many marginal corrections (fol.18b, 70a, etc.), including those indicating variants (fol.105b) and clarifying cacographical errors (see fol.17b); notabilia (fol.22a, 23a, 29a, 49b ,etc.); a number of glosses marked "لسان الحكام" and "قاضي خان" (fol.28a, 28b, 30a, 31a, 31b, 70b, 72a-77b, etc.).</subfield></datafield><datafield tag="650" ind1=" " ind2="0"><subfield code="a">Manuscripts, Arabic</subfield><subfield code="z">Michigan</subfield><subfield code="z">Ann Arbor.</subfield></datafield><datafield tag="650" ind1=" " ind2="0"><subfield code="a">Islamic law</subfield><subfield code="x">Interpretation and construction</subfield><subfield code="v">Early works to 1800.</subfield></datafield><datafield tag="650" ind1=" " ind2="0"><subfield code="a">Hanafites</subfield><subfield code="v">Early works to 1800.</subfield></datafield><datafield tag="650" ind1=" " ind2="0"><subfield code="a">Fatwas</subfield><subfield code="v">Early works to 1800.</subfield></datafield><datafield tag="700" ind1="0" ind2=" "><subfield code="6">880-04</subfield><subfield code="a">Muḥammad ibn Muḥammad al-Jabalāwī,</subfield><subfield code="d">flourished 1673,</subfield><subfield code="e">scribe.</subfield></datafield><datafield tag="773" ind1="0" ind2=" "><subfield code="a">Yahuda Collection.</subfield></datafield><datafield tag="880" ind1="0" ind2=" "><subfield code="6">700-04/</subfield><subfield code="a">محمد بن محمد الجبلاوي,</subfield><subfield code="e">ناسخ.</subfield></datafield><datafield tag="880" ind1="3" ind2=" "><subfield code="6">246-03/</subfield><subfield code="a">جامع الفتاوى</subfield></datafield><datafield tag="880" ind1="1" ind2="0"><subfield code="6">245-02/</subfield><subfield code="a">جامع الفتوى,</subfield><subfield code="f">[1084ه، 1673م].</subfield></datafield><datafield tag="880" ind1="0" ind2=" "><subfield code="6">100-01/</subfield><subfield code="a">قرق امره الحميدي الحنفي.</subfield></datafield><datafield tag="CID" ind1=" " ind2=" "><subfield code="a">006803605</subfield></datafield><datafield tag="DAT" ind1="0" ind2=" "><subfield code="a">20190719102636.0</subfield><subfield code="b">20190719000000.0</subfield></datafield><datafield tag="DAT" ind1="1" ind2=" "><subfield code="a">20190719090653.0</subfield><subfield code="b">2019-07-19T16:11:40Z</subfield></datafield><datafield tag="DAT" ind1="2" ind2=" "><subfield code="a">2015-10-02T18:00:03Z</subfield></datafield><datafield tag="CAT" ind1=" " ind2=" "><subfield code="a">SDR-MIU</subfield><subfield code="d">EX LIBRIS - ALEPH</subfield><subfield code="l">prepare.pl-004-008</subfield></datafield><datafield tag="FMT" ind1=" " ind2=" "><subfield code="a">BK</subfield></datafield><datafield tag="HOL" ind1=" " ind2=" "><subfield code="0">sdr-miu006803605</subfield><subfield code="a">MiU</subfield><subfield code="b">SDR</subfield><subfield code="c">MIU</subfield><subfield code="p">mdp.39015079126556</subfield><subfield code="s">MIU</subfield><subfield code="1">006803605</subfield></datafield><datafield tag="974" ind1=" " ind2=" "><subfield code="b">MIU</subfield><subfield code="c">MIU</subfield><subfield code="d">20190719</subfield><subfield code="s">lit-dlps-dc</subfield><subfield code="u">mdp.39015079126556</subfield><subfield code="y">1673</subfield><subfield code="r">pd</subfield><subfield code="q">bib</subfield><subfield code="t">non-US bib date1 &lt; 1896</subfield></datafield></record></collection>